@book{book:nagashima-sm,
   title =     {Elementary Particle Physics: Foundations of the Standard Model V2},
   author =    {Yorikiyo Nagashima},
   publisher = {Wiley-VCH},
   isbn =      {3527409661,9783527409662},
   year =      {2013},
}

@misc{url:comphep,
    author = "E.Boos and V.Bunichev and M.Dubinin and L.Dudko and V.Edneral and V.Ilyin and A.Kryukov and V.Savrin",
    title = "CompHEP, a package for evaluation of Feynman diagrams, integration over multi-particle phase space and event generation",
    url = "https://theory.sinp.msu.ru/dokuwiki/doku.php/comphep/news",
}

@misc{url:form,
    author = "Jos Vermaseren",
    title = "The FORM project for symbolic manipulation of very big expressions",
    url = "https://www.nikhef.nl/~form/",
}

@misc{url:form-square,
    author = "Victor Ananyev",
    title = "FormSquare. FORM based routine for computing squared and averaged matrix elements",
    url = "https://github.com/vindex10/form-square",
}

@misc{url:rbpp-symbolic,
    author = "Victor Ananyev",
    title = {FormSquare applied to muon annihilation process},
    url = "https://github.com/vindex10/rbpp-projects/tree/master/project1/scattering/symbolic",
}

@misc{url:rbpp-visualize,
    author = "Victor Ananyev",
    title = "Visualization for muon annihilation process",
    url = "https://github.com/vindex10/rbpp-projects/blob/master/project1/scattering/visualize.ipynb",
}

@book{book:peskin,
    title =     {An introduction to quantum field theory},
    author =    {Michael E. Peskin and Daniel V. Schroeder},
    publisher = {Addison-Wesley},
    isbn =      {0201503972,9780201503975,0201509342,9780201509342},
    year =      {1995},
}

@book{book:pdg,
    author         = "Tanabashi, M. and others",
    title          = "{Review of Particle Physics}",
    collaboration  = "Particle Data Group",
    journal        = "Phys. Rev.",
    volume         = "D98",
    year           = "2018",
    number         = "3",
    pages          = "030001",
    doi            = "10.1103/PhysRevD.98.030001",
    SLACcitation   = "%%CITATION = PHRVA,D98,030001;%%"
}
